<record xmlns="http://www.loc.gov/MARC21/slim" xmlns:xsi="http://www.w3.org/2001/XMLSchema-instance" xsi:schemaLocation="http://www.loc.gov/MARC21/slim http://www.loc.gov/standards/marcxml/schema/MARC21slim.xsd">

  <leader>00576nam a2200157Ia 4500</leader>
  <datafield ind1=" " tag="999" ind2=" ">
    <subfield code="c">1686</subfield>
    <subfield code="d">1686</subfield>
  </datafield>
  <controlfield tag="008">180404b2006    CR ||||| |||| 00| | spa d</controlfield>
  <datafield ind2=" " tag="090" ind1=" ">
    <subfield code="a">06.03.04 </subfield>
    <subfield code="b">1411</subfield>
  </datafield>
  <datafield ind1="1" tag="100" ind2=" ">
    <subfield code="a">Montoya, Carlos</subfield>
    <subfield code="9">3537</subfield>
  </datafield>
  <datafield ind1="1" tag="245" ind2="0">
    <subfield code="a">Eco- Alfabetización. Talleres integrados de educación ambiental para escuelas primarias / </subfield>
    <subfield code="c">Carlos Montoya,  Ricardo O. Russo</subfield>
  </datafield>
  <datafield tag="260" ind2=" " ind1=" ">
    <subfield code="a">Guácimo, Limón, Costa Rica : </subfield>
    <subfield code="b">Universidad EARTH, </subfield>
    <subfield code="c">2006</subfield>
  </datafield>
  <datafield ind2=" " tag="300" ind1=" ">
    <subfield code="a">127 páginas</subfield>
  </datafield>
  <datafield ind1=" " ind2=" " tag="500">
    <subfield code="a">Contiene material complementario: canciones y juegos</subfield>
  </datafield>
  <datafield ind1="1" tag="650" ind2="4">
    <subfield code="a">EDUCACIÓN AMBIENTAL </subfield>
    <subfield code="9">439</subfield>
  </datafield>
  <datafield tag="650" ind2="4" ind1="1">
    <subfield code="a">ALFABETIZACIÓN</subfield>
    <subfield code="9">80</subfield>
  </datafield>
  <datafield ind1="1" tag="650" ind2="4">
    <subfield code="a">EDUCACIÓN PRIMARIA</subfield>
    <subfield code="9">367</subfield>
  </datafield>
  <datafield ind1="1" ind2=" " tag="700">
    <subfield code="a">Russo, Ricardo O.</subfield>
    <subfield code="9">3538</subfield>
  </datafield>
  <datafield ind1=" " ind2=" " tag="942">
    <subfield code="2">z</subfield>
    <subfield code="c">01</subfield>
  </datafield>
</record>